%% This BibTeX bibliography file was created using BibDesk.
%% http://bibdesk.sourceforge.net/

%% Created for J. Michael Collins at 2022-08-22 11:52:23 -0500 


%% Saved with string encoding Unicode (UTF-8) 



@article{zamarro2021gender,
	author = {Zamarro, Gema and Prados, Mar{\'\i}a J},
	date-added = {2022-08-22 11:52:07 -0500},
	date-modified = {2022-08-22 11:52:07 -0500},
	journal = {Review of Economics of the Household},
	number = {1},
	pages = {11--40},
	publisher = {Springer},
	title = {Gender differences in couples' division of childcare, work and mental health during COVID-19},
	volume = {19},
	year = {2021}}

@article{goolsbee2021fear,
	author = {Goolsbee, Austan and Syverson, Chad},
	date-added = {2022-08-22 11:51:41 -0500},
	date-modified = {2022-08-22 11:51:41 -0500},
	journal = {Journal of public economics},
	pages = {104311},
	publisher = {Elsevier},
	title = {Fear, lockdown, and diversion: Comparing drivers of pandemic economic decline 2020},
	volume = {193},
	year = {2021}}

@article{ruffini2021supporting,
	author = {Ruffini, Krista and Wozniak, Abigail},
	date-added = {2022-08-22 11:42:43 -0500},
	date-modified = {2022-08-22 11:42:43 -0500},
	journal = {Brookings Papers on Economic Activity},
	pages = {111--139},
	publisher = {JSTOR},
	title = {Supporting Workers and Families in the Pandemic Recession},
	year = {2021}}

@article{haciouglu2021distributional,
	author = {Hac{\i}o{\u{g}}lu-Hoke, Sinem and K{\"a}nzig, Diego R and Surico, Paolo},
	date-added = {2022-08-22 11:41:47 -0500},
	date-modified = {2022-08-22 11:41:47 -0500},
	journal = {European Economic Review},
	pages = {103680},
	publisher = {Elsevier},
	title = {The distributional impact of the pandemic},
	volume = {134},
	year = {2021}}

@article{nayga2022snap,
	author = {Nayga Jr, Rodolfo M and Valizadeh, Pourya and Melo, Grace},
	date-added = {2022-08-22 11:40:34 -0500},
	date-modified = {2022-08-22 11:40:34 -0500},
	title = {SNAP and well-being of low-income households with children before and during the pandemic},
	year = {2022}}

@article{cox2020initial,
	author = {Cox, Natalie and Ganong, Peter and Noel, Pascal and Vavra, Joseph and Wong, Arlene and Farrell, Diana and Greig, Fiona and Deadman, Erica},
	date-added = {2022-08-22 11:39:31 -0500},
	date-modified = {2022-08-22 11:39:31 -0500},
	journal = {Brookings Papers on Economic Activity},
	number = {2},
	pages = {35--82},
	publisher = {Brookings Institution Press},
	title = {Initial impacts of the pandemic on consumer behavior: Evidence from linked income, spending, and savings data},
	volume = {2020},
	year = {2020}}

@article{pineda2020disability,
	author = {Pineda, Victor Santiago and Corburn, Jason},
	date-added = {2022-08-22 11:38:32 -0500},
	date-modified = {2022-08-22 11:38:32 -0500},
	journal = {Journal of Urban Health},
	number = {3},
	pages = {336--341},
	publisher = {Springer},
	title = {Disability, urban health equity, and the coronavirus pandemic: promoting cities for all},
	volume = {97},
	year = {2020}}

@article{angrisani2022early,
	author = {Angrisani, Marco and Burke, Jeremy and Kapteyn, Arie},
	date-added = {2022-08-22 11:36:06 -0500},
	date-modified = {2022-08-22 11:36:06 -0500},
	journal = {Wharton Pension Research Council Working Paper},
	number = {2022-05},
	title = {The Early Impacts of Coronavirus Pandemic on Americans' Economic Security},
	year = {2022}}

@article{mullen2022economic,
	author = {Mullen, Kathleen and Maestas, Nicole},
	date-added = {2022-08-08 10:29:37 -0500},
	date-modified = {2022-08-08 10:29:37 -0500},
	journal = {Wharton Pension Research Council Working Paper},
	number = {2022-14},
	title = {Economic Conditions, the COVID-19 Pandemic Recession, and Implications for Disability Insurance in the United States},
	year = {2022}}

@techreport{coibion2020labor,
	author = {Coibion, Olivier and Gorodnichenko, Yuriy and Weber, Michael},
	date-added = {2022-08-08 10:29:18 -0500},
	date-modified = {2022-08-08 10:29:18 -0500},
	institution = {National Bureau of economic research},
	title = {Labor markets during the COVID-19 crisis: A preliminary view},
	year = {2020}}

@article{brewer2020initial,
	author = {Brewer, Mike and Gardiner, Laura},
	date-added = {2022-08-08 10:29:03 -0500},
	date-modified = {2022-08-08 10:29:03 -0500},
	journal = {Oxford Review of Economic Policy},
	number = {Supplement\_1},
	pages = {S187--S199},
	publisher = {Oxford University Press UK},
	title = {The initial impact of COVID-19 and policy responses on household incomes},
	volume = {36},
	year = {2020}}

@techreport{cowan2020short,
	author = {Cowan, Benjamin W},
	date-added = {2022-08-08 10:28:46 -0500},
	date-modified = {2022-08-08 10:28:46 -0500},
	institution = {National Bureau of Economic Research},
	title = {Short-run effects of COVID-19 on US worker transitions},
	year = {2020}}

@article{schur2021covid,
	author = {Schur, Lisa and Rodgers, Yana and Kruse, Douglas L},
	date-added = {2022-08-08 10:28:32 -0500},
	date-modified = {2022-08-08 10:28:32 -0500},
	journal = {Available at SSRN 3788319},
	title = {COVID-19 and employment losses for workers with disabilities: an intersectional approach},
	year = {2021}}

@article{goda2022impact,
	author = {Goda, Gopi Shah and Jackson, Emilie and Nicholas, Lauren Hersch and Stith, Sarah See},
	date-added = {2022-08-08 10:28:12 -0500},
	date-modified = {2022-08-08 10:28:12 -0500},
	journal = {Journal of Population Economics},
	pages = {1--34},
	publisher = {Springer},
	title = {The impact of Covid-19 on older workers' employment and Social Security spillovers},
	year = {2022}}

@article{gignac2021impacts,
	author = {Gignac, Monique AM and Shahidi, Faraz V and Jetha, Arif and Kristman, Vicki and Bowring, Julie and Cameron, Jill I and Tonima, Sabrina and Ibrahim, Selahadin},
	date-added = {2022-08-08 10:27:53 -0500},
	date-modified = {2022-08-08 10:27:53 -0500},
	journal = {Disability and Health Journal},
	number = {4},
	pages = {101161},
	publisher = {Elsevier},
	title = {Impacts of the COVID-19 pandemic on health, financial worries, and perceived organizational support among people living with disabilities in Canada},
	volume = {14},
	year = {2021}}

@article{emerson2021impact,
	author = {Emerson, Eric and Stancliffe, Roger and Hatton, Chris and Llewellyn, Gwynnyth and King, Tania and Totsika, Vaso and Aitken, Zoe and Kavanagh, Anne},
	date-added = {2022-08-08 10:27:37 -0500},
	date-modified = {2022-08-08 10:27:37 -0500},
	journal = {Journal of Public Health},
	number = {3},
	pages = {472--478},
	publisher = {Oxford University Press},
	title = {The impact of disability on employment and financial security following the outbreak of the 2020 COVID-19 pandemic in the UK},
	volume = {43},
	year = {2021}}

@article{li2020impact,
	author = {Li, Kangli and Foutz, Natasha Zhang and Cai, Yuxin and Liang, Yunlei and Gao, Song},
	date-added = {2021-09-06 17:35:07 -0500},
	date-modified = {2021-09-06 17:35:07 -0500},
	journal = {Available at SSRN 3681629},
	title = {{The Impact of COVID-19 Lockdowns and Stimulus Payments on Spending of US Lower-income Consumers}},
	year = {2020}}

@article{cutts2020musings,
	author = {Cutts, AC},
	date-added = {2021-08-26 08:31:01 -0500},
	date-modified = {2021-08-26 08:31:01 -0500},
	title = {Musings on the {COVID-19} Recession \& Highlights from {Equifax Credit Trends}{\textregistered}},
	year = {2020}}

@techreport{braxton2020can,
	author = {Braxton, J Carter and Herkenhoff, Kyle F and Phillips, Gordon M},
	date-added = {2021-08-26 08:28:20 -0500},
	date-modified = {2021-08-26 08:28:20 -0500},
	institution = {National Bureau of Economic Research},
	title = {Can the unemployed borrow? implications for public insurance},
	year = {2020}}

@article{farrell2020consumption,
	author = {Farrell, Diana and Ganong, Peter and Greig, Fiona and Liebeskind, Max and Noel, Pascal and Vavra, Joseph},
	date-added = {2021-08-26 08:23:16 -0500},
	date-modified = {2021-08-26 08:23:16 -0500},
	journal = {Available at SSRN 3654274},
	title = {Consumption effects of unemployment insurance during the {COVID-19} pandemic},
	year = {2020}}

@book{chetty2020did,
	author = {Chetty, Raj and Friedman, John N and Hendren, Nathaniel and Stepner, Michael and The Opportunity Insights Team},
	date-added = {2021-08-26 08:22:57 -0500},
	date-modified = {2021-08-26 08:22:57 -0500},
	publisher = {National Bureau of Economic Research Cambridge, MA},
	title = {How did {COVID-19} and stabilization policies affect spending and employment? A new real-time economic tracker based on private sector data},
	year = {2020}}

@techreport{casado2020aggregate,
	author = {Casado, Miguel Garza and Glennon, Britta and Lane, Julia and McQuown, David and Rich, Daniel and Weinberg, Bruce A},
	date-added = {2021-08-26 08:22:12 -0500},
	date-modified = {2021-08-26 08:22:12 -0500},
	institution = {National Bureau of Economic Research},
	title = {The Aggregate Effects of Fiscal Stimulus: Evidence from the {COVID-19} Unemployment Supplement},
	year = {2020}}

@techreport{cfpb2020,
	author = {{Consumer Financial Protection Bureau (CFPB)}},
	date-added = {2021-08-26 08:16:16 -0500},
	date-modified = {2021-08-26 08:48:31 -0500},
	institution = {CFPB Office of Research Special Issue Brief},
	title = {The Early Effects of the {COVID-19} Pandemic on Consumer Credit},
	year = {2020}}

@article{gerardi2021racial,
	author = {Gerardi, Kristopher S and Lambie-Hanson, Lauren and Willen, Paul S and others},
	date-added = {2021-08-17 23:35:31 -0500},
	date-modified = {2021-08-17 23:35:31 -0500},
	journal = {FRB of Philadelphia Payment Cards Center Discussion Paper},
	number = {21-2},
	title = {Racial Differences in Mortgage Refinancing, Distress, and Housing Wealth Accumulation during {COVID-19}},
	year = {2021}}

@article{schneider2020household,
	author = {Schneider, Daniel and Tufano, Peter and Lusardi, Annamaria},
	date-added = {2021-08-17 23:34:20 -0500},
	date-modified = {2021-08-17 23:34:20 -0500},
	journal = {GFLEC WP},
	title = {Household Financial Fragility during {COVID-19}: Rising Inequality and Unemployment Insurance Benefit Reductions},
	volume = {4},
	year = {2020}}

@article{loibl2020role,
	author = {Loibl, C{\"a}zilia and Moulton, Stephanie and Haurin, Donald and Edmunds, Chrisse},
	date-added = {2021-08-17 23:29:32 -0500},
	date-modified = {2021-08-17 23:29:32 -0500},
	journal = {Aging \& Mental Health},
	pages = {1--14},
	publisher = {Taylor \& Francis},
	title = {The role of consumer and mortgage debt for financial stress},
	year = {2020}}

@techreport{quinby2021older,
	author = {Quinby, Laura D and Matthew S. Rutledge and Gal Wettstein},
	date-added = {2021-08-17 23:21:50 -0500},
	date-modified = {2021-08-17 23:23:14 -0500},
	institution = {Center for Retirement Research at Boston College},
	journal = {Retirement and Disability Research Consortium},
	title = {How Has {COVID-19} Affected the Labor Force Participation of Older Workers?},
	year = {2021}}

@article{moen2020disparate,
	author = {Moen, Phyllis and Pedtke, Joseph H and Flood, Sarah},
	date-added = {2021-08-17 23:20:29 -0500},
	date-modified = {2021-08-17 23:20:29 -0500},
	journal = {Work, Aging and Retirement},
	number = {4},
	pages = {207--228},
	publisher = {Oxford University Press US},
	title = {Disparate disruptions: Intersectional {COVID-19} employment effects by age, gender, education, and race/ethnicity},
	volume = {6},
	year = {2020}}

@techreport{goda2021impact,
	author = {Goda, Gopi Shah and Jackson, Emilie and Nicholas, Lauren Hersch and Stith, Sarah See},
	date-added = {2021-08-17 23:19:17 -0500},
	date-modified = {2021-08-17 23:19:17 -0500},
	institution = {National Bureau of Economic Research},
	title = {The Impact of {COVID-19} on Older Workers' Employment and Social Security Spillovers},
	year = {2021}}

@techreport{haughwout2020us,
	author = {Haughwout, Andrew F and Lee, Donghoon and Scally, Joelle and Van der Klaauw, Wilbert and others},
	date-added = {2021-07-27 17:09:41 -0500},
	date-modified = {2021-07-27 17:09:41 -0500},
	institution = {Federal Reserve Bank of New York},
	title = {US Consumer Debt Payments and Credit Buffers on the Eve of {COVID-19}},
	year = {2020}}

@article{andersen2020consumer,
	author = {Andersen, Asger Lau and Hansen, Emil Toft and Johannesen, Niels and Sheridan, Adam},
	date-added = {2021-07-27 17:01:32 -0500},
	date-modified = {2021-07-27 17:01:32 -0500},
	journal = {Available at SSRN 3609814},
	title = {Consumer responses to the {COVID-19} crisis: Evidence from bank account transaction data},
	year = {2020}}

@article{andersen2020pandemic,
	author = {Andersen, Asger Lau and Hansen, Emil Toft and Johannesen, Niels and Sheridan, Adam},
	date-added = {2021-07-27 17:01:15 -0500},
	date-modified = {2021-07-27 17:01:15 -0500},
	journal = {arXiv preprint arXiv:2005.04630},
	title = {Pandemic, shutdown and consumer spending: Lessons from Scandinavian policy responses to {COVID-19}},
	year = {2020}}

@techreport{cherry2021government,
	author = {Cherry, Susan F and Jiang, Erica Xuewei and Matvos, Gregor and Piskorski, Tomasz and Seru, Amit},
	date-added = {2021-07-27 17:00:42 -0500},
	date-modified = {2021-07-27 17:00:42 -0500},
	institution = {National Bureau of Economic Research},
	title = {Government and private household debt relief during {COVID-19}},
	year = {2021}}

@article{grantz2020use,
	author = {Grantz, Kyra H and Meredith, Hannah R and Cummings, Derek AT and Metcalf, C Jessica E and Grenfell, Bryan T and Giles, John R and Mehta, Shruti and Solomon, Sunil and Labrique, Alain and Kishore, Nishant and others},
	date-added = {2021-07-27 17:00:02 -0500},
	date-modified = {2021-07-27 17:00:02 -0500},
	journal = {Nature communications},
	number = {1},
	pages = {1--8},
	publisher = {Nature Publishing Group},
	title = {The use of mobile phone data to inform analysis of {COVID-19} pandemic epidemiology},
	volume = {11},
	year = {2020}}

@article{stavins2021unprepared,
	author = {Stavins, Joanna},
	date-added = {2021-07-27 16:59:48 -0500},
	date-modified = {2021-07-27 16:59:48 -0500},
	journal = {Contemporary Economic Policy},
	number = {1},
	pages = {59--82},
	publisher = {Wiley Online Library},
	title = {Unprepared for financial shocks: Emergency savings and credit card debt},
	volume = {39},
	year = {2021}}

@article{bhutta2020covid,
	author = {Bhutta, Neil and Blair, Jacqueline and Dettling, Lisa and Moore, Kevin},
	date-added = {2021-07-27 16:59:33 -0500},
	date-modified = {2021-08-26 08:20:58 -0500},
	journal = {National Tax Journal},
	number = {3},
	pages = {645--672},
	publisher = {The University of Chicago Press},
	title = {{COVID-19, the CARD Act, and Family Financial Security}},
	volume = {73},
	year = {2020}}

@article{enriquez2020covid,
	author = {Enriquez, Diana and Goldstein, Adam},
	date-added = {2021-07-27 16:59:16 -0500},
	date-modified = {2021-07-27 16:59:16 -0500},
	journal = {Socius},
	pages = {2378023120970794},
	publisher = {SAGE Publications Sage CA: Los Angeles, CA},
	title = {{COVID-19's Socioeconomic Impact on Low-Income Benefit Recipients: Early Evidence from Tracking Surveys}},
	volume = {6},
	year = {2020}}

@article{findling2021serious,
	author = {Findling, Mary G and Blendon, Robert J and Benson, John M},
	date-added = {2021-07-27 16:58:59 -0500},
	date-modified = {2021-07-27 16:58:59 -0500},
	journal = {Challenge},
	number = {1},
	pages = {3--10},
	publisher = {Taylor \& Francis},
	title = {Serious Financial Burdens Facing US Households with Employment Loss During {COVID-19}},
	volume = {64},
	year = {2021}}

@inproceedings{clark2021financial,
	author = {Clark, Robert L and Lusardi, Annamaria and Mitchell, Olivia S},
	booktitle = {AEA Papers and Proceedings},
	date-added = {2021-07-27 16:58:25 -0500},
	date-modified = {2021-07-27 16:58:25 -0500},
	pages = {292--96},
	title = {Financial fragility during the {COVID-19} Pandemic},
	volume = {111},
	year = {2021}}

@article{horvath2021covid,
	author = {Horvath, Akos and Kay, Benjamin S and Wix, Carlo},
	date-added = {2021-07-27 16:58:02 -0500},
	date-modified = {2021-07-27 16:58:02 -0500},
	journal = {Available at SSRN 3613408},
	title = {The {COVID-19} shock and consumer credit: Evidence from credit card data},
	year = {2021}}

@article{adams2020inequality,
	author = {Adams-Prassl, Abi and Boneva, Teodora and Golin, Marta and Rauh, Christopher},
	date-added = {2021-07-27 16:57:39 -0500},
	date-modified = {2021-07-27 16:57:39 -0500},
	journal = {Journal of Public Economics},
	pages = {104245},
	publisher = {Elsevier},
	title = {Inequality in the impact of the coronavirus shock: Evidence from real time surveys},
	volume = {189},
	year = {2020}}

@techreport{cheng2020back,
	author = {Cheng, Wei and Carlin, Patrick and Carroll, Joanna and Gupta, Sumedha and Rojas, Felipe Lozano and Montenovo, Laura and Nguyen, Thuy D and Schmutte, Ian M and Scrivner, Olga and Simon, Kosali I and others},
	date-added = {2021-07-27 16:57:12 -0500},
	date-modified = {2021-07-27 16:57:12 -0500},
	institution = {National Bureau of Economic Research},
	title = {Back to business and (re) employing workers? Labor market activity during state {COVID-19} reopenings},
	year = {2020}}

@article{baker2020does,
	author = {Baker, Scott R and Farrokhnia, Robert A and Meyer, Steffen and Pagel, Michaela and Yannelis, Constantine},
	date-added = {2021-07-27 16:56:50 -0500},
	date-modified = {2021-07-27 16:56:50 -0500},
	journal = {The Review of Asset Pricing Studies},
	number = {4},
	pages = {834--862},
	publisher = {Oxford University Press},
	title = {How does household spending respond to an epidemic? Consumption during the 2020 {COVID-19} pandemic},
	volume = {10},
	year = {2020}}

@book{lusardi20186,
	author = {Lusardi, Annamaria and Mitchell, Olivia S},
	date-added = {2021-07-27 16:55:19 -0500},
	date-modified = {2021-08-08 07:40:24 -0700},
	publisher = {University of Chicago Press},
	title = {Older Women's Labor Market Attachment, Retirement Planning, and Household Debt},
	year = {2018}}
